%@book{<forfatterefternavnTitelÅrstal>,
%  edition = {<udgave>},
%  title = {<titel>},
%  isbn = {<isbnnummer>},
%  publisher = {<forlag>},
%  author = {<efternavn, første fornavn og forbogstaver for mellemnavne>},
%  year = {<årstal>},
%  keywords = {<emne i kompendiet>}
%}

%@misc{<navn>,
%  title = {<titel>},
%  howpublished = {\url{<url>}},
%  keywords = {<emne i kompendiet>},
%  note = {Sidst besøgt: <dato>}
%}

% Matematik
@book{youngSearsZemanskyUniversity2016,
  edition = {14th, global},
  title = {Sears and {{Zemansky}}'s University Physics with Modern Physics},
  isbn = {978-1-292-10031-9},
  publisher = {{Pearson}},
  author = {Young, Hugh D. and Freedman, Roger A. and Ford, A. Lewis and Zemansky, Mark W. and Sears, Francis Weston},
  year = {2016},
  keywords = {mat,aku},
  annote = {Begr{\"u}nder: Francis Weston Sears, Mark Waldo Zemansky}
}

@misc{Integral,
  title = {Integral},
  howpublished = {\url{http://hyperphysics.phy-astr.gsu.edu/hbase/integ.html}},
  keywords = {mat},
  file = {C\:\\Users\\rasmu\\Zotero\\storage\\X4C64S8D\\integ.html},
  note = {sidst bes{\o}gt: 20. Maj 2019}
}

@book{stewartCalculusConceptsContexts2006,
  edition = {3rd, metric international},
  title = {Calculus: Concepts and Contexts},
  isbn = {978-0-534-40983-8},
  shorttitle = {Calculus},
  publisher = {{Thomson Brooks/Cole}},
  author = {Stewart, James},
  year = {2006},
  keywords = {mat},
  annote = {Includes index}
}

@book{taylorClassicalMechanics2005,
  title = {Classical Mechanics},
  isbn = {978-1-891389-22-1},
  lccn = {QC125.2 .T39 2005},
  publisher = {{University Science Books}},
  author = {Taylor, John R.},
  year = {2005},
  keywords = {mat,Mechanics,aku}
}

@book{arfkenMathematicalMethodsPhysicists2013,
  edition = {7th ed},
  title = {Mathematical Methods for Physicists: A Comprehensive Guide},
  isbn = {978-0-12-384654-9},
  shorttitle = {Mathematical Methods for Physicists},
  publisher = {{Elsevier}},
  author = {Arfken, George B. and Weber, Hans-Jurgen and Harris, Frank E.},
  year = {2013},
  keywords = {Mathematics,mat,Mathematical physics}
}

% Fysisk matematik

@book{RileyHobson2011,
  edition = {3},
  title = {Essential Mathematical Methods for the Physical Sciences},
  isbn = {978-0-521-76114-7},
  publisher = {Cambridge University Press},
  author = {Riley, K. F. and Hobson, M. P.},
  year = {2011},
  keywords = {matf}
}

@book{Lindstroem2016,
  edition = {4},
  title = {Kalkulus},
  isbn = {978-82-15-02710-4},
  publisher = {Universitetsforlaget},
  author = {Lindstrøm, Tom},
  year = {2016},
  keywords = {matf}
}

@book{Griffiths2017, 
  author = {Griffiths, David J.},
  title = {Introduction to Quantum Mechanics},
  year = {2017},
  edition = {4},
  language = {english},
  pagetotal = {599},
  publisher = {Cambridge University Press},
  isbn = {978-1-108-42041-9},
  doi = {10.1017/9781108333511}
}

% Stjerner

@misc{DopplerIllustration,
  title = {Doppler-Effect-Flashcards},
  howpublished = {\url{https://www.flickr.com/photos/102642344@N02/15510012116/in/photostream/}},
  author = {Zappys Technology Solutions},
  keywords = {stjerner},
  note = {Sidst set: 5. juli 2019}
}

@misc{AbsorptionEmissionSpectra,
  title = {Absorption and {{Emission Spectra}} \textemdash{} {{Penn State Department}} of {{Astronomy}} and {{Astrophysics}}},
  howpublished = {\url{http://astro.psu.edu/public-outreach/fireworks-masks-1/absorption-and-emission-spectra}},
  keywords = {stjerner},
  note = {Sidst set: 5. juli 2019}
}

@misc{Stjernespektrum,
  title = {Stjernespektrum},
  howpublished = {\url{http://i.stack.imgur.com/RMHmB.gif}},
  keywords = {stjerner},
  note = {Sidst set: 5. juli 2019}
}

@misc{SNC1DEarthSpace,
  title = {{{SNC1D}} - {{Earth}} and {{Space Science}}: {{The Study}} of the {{Universe}}},
  shorttitle = {{{SNC1D}} - {{Earth}} and {{Space Science}}},
  journal = {Pinterest},
  howpublished = {\url{https://www.pinterest.com/snc1d2/snc1d-earth-and-space-science-the-study-of-the-uni/}},
  keywords = {stjerner},
  note = {Sidst set: 8. juli 2019}
}

@book{CarrolOstlieModernAstrophysics2017,
title = {An Introduction to Modern Astrophysics},
author = {Carrol, Bradley W. and Ostlie, Dale A.},
year = {2017},
publisher = {Cambridge University Press},
edition = {2},
isbn = {978-1-108-42216-1}
}

%% Akustik
@book{fletcherPhysicsMusicalInstruments1998,
  edition = {2nd ed},
  title = {The Physics of Musical Instruments},
  isbn = {978-0-387-98375-2},
  lccn = {ML3805 .F58 1998},
  publisher = {{Springer}},
  author = {Fletcher, Neville H. and Rossing, Thomas D.},
  year = {1998},
    keywords = {aku,Acoustics and physics,Construction,Music,Musical instruments}
}