%@book{<forfatterefternavnTitelÅrstal>,
%  edition = {<udgave>},
%  title = {<titel>},
%  isbn = {<isbnnummer>},
%  publisher = {<forlag>},
%  author = {<efternavn, første fornavn og forbogstaver for mellemnavne>},
%  year = {<årstal>},
%  keywords = {<emne i kompendiet>}
%}

%@misc{<navn>,
%  title = {<titel>},
%  howpublished = {\url{<url>}},
%  keywords = {<emne i kompendiet>},
%  note = {Sidst besøgt: <dato>}
%}

% Kosmo

@misc{NASA_ESA_quasar,
  title = {Quasar Drenched in Water Vapor},
  howpublished = {\url{https://www.nasa.gov/topics/universe/features/universe20110722-image.html}},
  keywords = {kosmo},
  note = {sidst bes{\o}gt: 6. Juli 2019}
}

@article{YatesGardenQuasarSpectrum,
  title = {Near-simultaneous optical and infrared spectrophotometry of active galaxies},
  number = {241, Issue 2},
  journal = {Monthly Notices of the Royal Astronomical Society},
  author = {M. G. Yates and R. P. Garden},
  month = nov,
  year = {1989},
  keywords = {kosmo}
}

@misc{vardanyanICosmosCosmologyCalculator,
  title = {{{iCosmos}} - {{Cosmology Calculator}}},
  abstract = {Cosmology Calculator},
  journal = {iCosmos.co.uk},
  howpublished = {\url{http://www.icosmos.co.uk/index.html}},
  author = {Vardanyan, Mihran},
  keywords = {kosmo},
  note = {sidst set: 8. juli 2019}
}

@misc{AndromedaGalaxy2019,
  title = {Andromeda {{Galaxy}}},
  copyright = {Creative Commons Attribution-ShareAlike License},
  journal = {Wikipedia},
  howpublished = {\url{https://en.wikipedia.org/w/index.php?title=Andromeda_Galaxy\&oldid=904550692}},
  month = jul,
  year = {2019},
  keywords = {kosmo},
  note = {sidst set: 8. juli 2019}
}

@misc{SolenoidWikipedia2019,
  title = {Solenoid -- {{Wikipedia}}},
  copyright = {Creative Commons Attribution-ShareAlike License},
  journal = {Wikipedia},
  howpublished = {\url{https://en.wikipedia.org/w/index.php?title=Solenoid\&oldid=897389016}},
  month = may,
  year = {2019},
  keywords = {elektro},
  note = {sidst set: 22. maj 2019}
}

@misc{UY1ApplicationsAmpere2015,
  title = {{{UY1}}: {{Applications Of Ampere}}'s {{Law}}},
  shorttitle = {{{UY1}}},
  journal = {Mini Physics},
  howpublished = {\url{https://www.miniphysics.com/uy1-applications-of-amperes-law.html}},
  month = jun,
  year = {2015},
  keywords = {elektro},
  note = {sidst set: 22. maj 2019}
}