%@book{<forfatterefternavnTitelÅrstal>,
%  edition = {<udgave>},
%  title = {<titel>},
%  isbn = {<isbnnummer>},
%  publisher = {<forlag>},
%  author = {<efternavn, første fornavn og forbogstaver for mellemnavne>},
%  year = {<årstal>},
%  keywords = {<emne i kompendiet>}
%}

%@misc{<navn>,
%  title = {<titel>},
%  howpublished = {\url{<url>}},
%  keywords = {<emne i kompendiet>},
%  note = {Sidst besøgt: <dato>}
%}

% Matematik
@book{youngSearsZemanskyUniversity2016,
 edition = {14. udgave, global},
 title = {Sears and {{Zemansky}}'s University Physics with Modern Physics},
 isbn = {978-1-292-10031-9},
publisher = {{Pearson}},
 author = {Young, Hugh D. and Freedman, Roger A. and Ford, A. Lewis and Zemansky, Mark W. and Sears, Francis Weston},
 year = {2016},
 keywords = {mat,aku,elektro},
 annote = {Begr{\"u}nder: Francis Weston Sears, Mark Waldo Zemansky}
}

@misc{Integral,
  title = {Integral},
  howpublished = {\url{http://hyperphysics.phy-astr.gsu.edu/hbase/integ.html}},
  keywords = {mat},
  note = {Sidst bes{\o}gt: 20. maj 2019}
}

@misc{VectorAddition,
  title = {Vector {{Addition}}},
  howpublished = {\url{https://www.grc.nasa.gov/www/k-12/airplane/vectadd.html}},
  keywords = {mat},
  note = {Sidst set: 8. juli 2019}
}

@misc{RighthandRuleWikipedia,
  title = {Right-Hand Rule -- {{Wikipedia}}},
  copyright = {Creative Commons Attribution-ShareAlike License},
  journal = {Wikipedia},
  howpublished = {\url{https://en.wikipedia.org/w/index.php?title=Right-hand_rule\&oldid=888900218}},
  keywords = {mat},
  note = {Sidst bes{\o}gt: 20. maj 2019}
}

@book{stewartCalculusConceptsContexts2006,
  edition = {3rd udgave, ``metric international''},
  title = {Calculus: Concepts and Contexts},
  isbn = {978-0-534-40983-8},
  shorttitle = {Calculus},
  publisher = {{Thomson Brooks/Cole}},
  author = {Stewart, James},
  year = {2006},
  keywords = {mat},
  annote = {Includes index}
}

@book{taylorClassicalMechanics2005,
  title = {Classical Mechanics},
  isbn = {978-1-891389-22-1},
  lccn = {QC125.2 .T39 2005},
  publisher = {{University Science Books}},
  author = {Taylor, John R.},
  year = {2005},
  keywords = {mat,mek}
}

@book{arfkenMathematicalMethodsPhysicists2013,
  edition = {7. udgave},
  title = {Mathematical Methods for Physicists: A Comprehensive Guide},
  isbn = {978-0-12-384654-9},
  shorttitle = {Mathematical Methods for Physicists},
  publisher = {{Elsevier}},
  author = {Arfken, George B. and Weber, Hans-Jurgen and Harris, Frank E.},
  year = {2013},
  keywords = {Mathematics,mat,Mathematical physics}
}

% Fysisk matematik

@book{RileyHobson2011,
  edition = {3},
  title = {Essential Mathematical Methods for the Physical Sciences},
  isbn = {978-0-521-76114-7},
  publisher = {Cambridge University Press},
  author = {Riley, K. F. and Hobson, M. P.},
  year = {2011},
  keywords = {matf}
}

% @book{Lindstroem2016,
%   edition = {4},
%   title = {Kalkulus},
%   isbn = {978-82-15-02710-4},
%   publisher = {Universitetsforlaget},
%   author = {Lindstrøm, Tom},
%   year = {2016},
%   keywords = {matf}
% }

@book{Griffiths2017, 
  author = {Griffiths, David J.},
  title = {Introduction to Quantum Mechanics},
  year = {2017},
  edition = {4},
  language = {english},
  pagetotal = {599},
  publisher = {Cambridge University Press},
  isbn = {978-1-108-42041-9},
  doi = {10.1017/9781108333511},
  keywords = {matf}
}

@book{griffithsIntroductionElectrodynamics2018,
  title = {Introduction to Electrodynamics},
  author = {Griffiths, David J.},
  year = {2018},
  edition = {4. udgave},
  publisher = {{Cambridge University Press}},
  address = {{Cambridge, United Kingdom; New York, NY}},
  isbn = {978-1-108-42041-9},
  keywords = {elektro,laser}
}

@misc{DefinitionAreaVector,
  title = {Definition of the Area Vector.},
  howpublished = {\url{https://www.researchgate.net/figure/Definition-of-the-area-vector_fig5_335620750}},
  journal = {ResearchGate},
  keywords = {elektro},
  note = {Sidst bes{\o}gt: 23. juli 2021}
}

% Kosmo

@misc{DopplerIllustration,
  title = {Doppler-Effect-Flashcards},
  howpublished = {\url{https://www.flickr.com/photos/102642344@N02/15510012116/in/photostream/}},
  author = {Zappys Technology Solutions},
  keywords = {kosmo},
  note = {Sidst set: 5. juli 2019}
}

@misc{CosmicMicrowaveBackground,
  title = {Cosmic Microwave Background Seen by {{Planck}}},
  language = {en-GB},
  howpublished = {\url{http://sci.esa.int/planck/51553-cosmic-microwave-background-seen-by-planck/}},
  keywords = {kosmo},
  note = {Sidst set: 5. juli 2019}
}

@misc{brauRotationMilkyWay,
  title = {Rotation of the {{Milky Way}}},
  howpublished = {\url{https://pages.uoregon.edu/jimbrau/BrauImNew/Chap23/6th/23_21Figure-F.jpg}},
  author = {{J. Brau}},
  keywords = {kosmo},
  note = {Sidst set: 5. juli 2019}
}

@article{planck,
  title = {Planck 2015 results},
  number = {594, A13},
  journal = {Astronomy \& Astrophysics},
  author = {P. A. R. Ade et al.},
  year = {2016},
  keywords = {kosmo}
}

@misc{brauComponentsUniverse,
  title = {Components of the {{Universe}}},
  howpublished = {\url{https://pages.uoregon.edu/jimbrau/BrauImNew/Chap27/7th/AT_7e_Figure_27_01.jpg}},
  author = {Brau, Jim},
  keywords = {kosmo},
  note = {Sidst set: 5. juli 2019}
}

@misc{AbsorptionEmissionSpectra,
  title = {Absorption and {{Emission Spectra}} \textemdash{} {{Penn State Department}} of {{Astronomy}} and {{Astrophysics}}},
  howpublished = {\url{http://astro.psu.edu/public-outreach/fireworks-masks-1/absorption-and-emission-spectra}},
  keywords = {kosmo},
  note = {Sidst set: 5. juli 2019}
}

@misc{Stjernespektrum,
  title = {Stjernespektrum},
  howpublished = {\url{http://i.stack.imgur.com/RMHmB.gif}},
  keywords = {kosmo},
  note = {Sidst set: 5. juli 2019}
}

@misc{SNC1DEarthSpace,
  title = {{{SNC1D}} - {{Earth}} and {{Space Science}}: {{The Study}} of the {{Universe}}},
  shorttitle = {{{SNC1D}} - {{Earth}} and {{Space Science}}},
  journal = {Pinterest},
  howpublished = {\url{https://www.pinterest.com/snc1d2/snc1d-earth-and-space-science-the-study-of-the-uni/}},
  keywords = {kosmo},
  note = {Sidst set: 8. juli 2019}
}

@misc{GeometryUniverse,
  title = {Geometry of the {{Universe}}},
  howpublished = {\url{http://abyss.uoregon.edu/~js/cosmo/lectures/lec15.html}},
  keywords = {kosmo},
  note = {Sidst set: 5. juli 2019}
}

@book{rydenIntroductionCosmology2006,
  title = {Introduction to Cosmology},
  isbn = {978-0-8053-8912-8},
  lccn = {QB981 .R93 2003},
  publisher = {{Addison-Wesley}},
  author = {Ryden, Barbara Sue},
  year = {2006},
  keywords = {kosmo}
}


@book{CarrolOstlieModernAstrophysics2017,
title = {An Introduction to Modern Astrophysics},
author = {Carrol, Bradley W. and Ostlie, Dale A.},
year = {2017},
publisher = {Cambridge University Press},
edition = {2},
isbn = {978-1-108-42216-1},
keywords = {kosmo}
}

% Numerisk fysik

@book{Lindstroem2016,
  edition = {4},
  title = {Kalkulus},
  isbn = {978-82-15-02710-4},
  publisher = {Universitetsforlaget},
  author = {Lindstrøm, Tom},
  year = {2016},
  keywords = {numfys}
}

@misc{fedorovLectureNotesPractical2020,
  title = {Forelæsningsnoter: Practical Programming and Numerical Methods},
  author = {Fedorov, Dmitri V.},
  year = {2020},
  howpublished = {\url{http://62.107.14.89/~fedorov/old/prog-2020/}},
  keywords = {numfys}
}

% Speciel relativitetsteori

@book{uggerhojSpecielRelativitetsteori2016,
    title = {Speciel Relativitetsteori},   
    author = { Uggerhoj, U.I.},
    year = {2016},
    publisher = {Aarhus University Press},
    isbn = {978-87-7124-984-2},
    keywords = {rel}
}
