@book{Heat_and_Thermodynamics,
  title = {Heat and Thermodynamics},
  isbn = {978-0070170599},
  publisher = {{McGraw-Hill College}},
  author = {M. W. Zemansky and Richard H. Dittman},
  year = {1996},
  keywords = {statfys},
}


@book{youngSearsZemanskyUniversity2016,
  edition = {14th, global},
  series = {Always Learning},
  title = {Sears and {{Zemansky}}'s University Physics with Modern Physics},
  isbn = {978-1-292-10031-9},
  language = {eng},
  publisher = {{Pearson}},
  author = {Young, Hugh D. and Freedman, Roger A. and Ford, A. Lewis and Zemansky, Mark W. and Sears, Francis Weston},
  year = {2016},
  keywords = {elektro},
  annote = {Begr{\"u}nder: Francis Weston Sears, Mark Waldo Zemansky}
}

@book{griffithsIntroductionElectrodynamics2017,
  edition = {4th},
  title = {Introduction to Electrodynamics},
  isbn = {978-1-108-42041-9},
  lccn = {QC680 .G74 2018},
  publisher = {{Cambridge University Press}},
  author = {Griffiths, David J.},
  year = {2017},
  keywords = {elektro},
  annote = {Vector analysis -- Electrostatics -- Potentials -- Electric fields in matter -- Magnetostatics -- Magnetic fields in matter -- Electrodynamics -- Conservation laws -- Electromagnetic waves -- Potentials and fields -- Radiation -- Electrodynamics and relativity}
}

@misc{Integral,
  title = {Integral},
  howpublished = {\url{http://hyperphysics.phy-astr.gsu.edu/hbase/integ.html}},
  keywords = {mat},
  note = {sidst bes{\o}gt: 20. Maj 2019}
}

@misc{CosmicMicrowaveBackground,
  title = {Cosmic Microwave Background -- {{Wikipedia}}},
  copyright = {Creative Commons Attribution-ShareAlike License},
  journal = {Wikipedia},
  howpublished = {\url{https://en.wikipedia.org/w/index.php?title=Cosmic_microwave_background\&oldid=897913789}},
  keywords = {kosmo},
  note = {sidst set: 20. maj 2019}
}

@misc{ElectricalResistanceConductance,
  title = {Electrical Resistance and Conductance -- {{Wikipedia}}},
  copyright = {Creative Commons Attribution-ShareAlike License},
  journal = {Wikipedia},
  howpublished = {\url{https://en.wikipedia.org/w/index.php?title=Electrical_resistance_and_conductance\&oldid=897536817}},
  keywords = {geo},
  note = {sidst bes{\o}gt: 20. Maj 2019}
}

@misc{RighthandRuleWikipedia,
  title = {Right-Hand Rule -- {{Wikipedia}}},
  copyright = {Creative Commons Attribution-ShareAlike License},
  journal = {Wikipedia},
  howpublished = {\url{https://en.wikipedia.org/w/index.php?title=Right-hand_rule\&oldid=888900218}},
  keywords = {mat},
  note = {sidst bes{\o}gt: 20. Maj 2019}
}

@misc{StandardModelWikipedia,
  title = {Standard {{Model}} -- {{Wikipedia}}},
  copyright = {Creative Commons Attribution-ShareAlike License},
  journal = {Wikipedia},
  howpublished = {\url{https://en.wikipedia.org/w/index.php?title=Standard_Model\&oldid=897950314}},
  keywords = {partikel},
  note = {sidst bes{\o}gt: 20. Maj 2019}
}

@article{michelsonRelativeMotionEarth1887,
  title = {On the {{Relative Motion}} of the {{Earth}} and the {{Luminiferous Ether}}},
  number = {203},
  journal = {The American Journal of Science},
  note = {\url{https://history.aip.org/exhibits/gap/PDF/michelson.pdf?fbclid=IwAR32fZH1BjXkd3uGoWCrl7EyN-cmzg2-vdsXkVCjHW3Zhxtx2iTvcPOtmuc}},
  author = {Michelson, Albert A. and Morley, Edward W.},
  month = nov,
  year = {1887},
  keywords = {sr}
}

@misc{UY1ApplicationsAmpere2015,
  title = {{{UY1}}: {{Applications Of Ampere}}'s {{Law}}},
  shorttitle = {{{UY1}}},
  journal = {Mini Physics},
  howpublished = {\url{https://www.miniphysics.com/uy1-applications-of-amperes-law.html}},
  month = jun,
  year = {2015},
  keywords = {elektro},
  note = {sidst set: 22. maj 2019}
}

@misc{SolenoidWikipedia2019,
  title = {Solenoid -- {{Wikipedia}}},
  copyright = {Creative Commons Attribution-ShareAlike License},
  journal = {Wikipedia},
  howpublished = {\url{https://en.wikipedia.org/w/index.php?title=Solenoid\&oldid=897389016}},
  month = may,
  year = {2019},
  keywords = {elektro},
  note = {sidst set: 22. maj 2019}
}

@misc{CosmicMicrowaveBackgrounda,
  title = {Cosmic Microwave Background Seen by {{Planck}}},
  language = {en-GB},
  howpublished = {\url{http://sci.esa.int/planck/51553-cosmic-microwave-background-seen-by-planck/}},
  keywords = {kosmo},
  note = {sidst set: 5. juli 2019}
}

@misc{AbsorptionEmissionSpectra,
  title = {Absorption and {{Emission Spectra}} \textemdash{} {{Penn State Department}} of {{Astronomy}} and {{Astrophysics}}},
  howpublished = {\url{http://astro.psu.edu/public-outreach/fireworks-masks-1/absorption-and-emission-spectra}},
  keywords = {kosmo},
  note = {sidst set: 5. juli 2019}
}

@misc{Stjernespektrum,
  title = {Stjernespektrum},
  howpublished = {\url{http://i.stack.imgur.com/RMHmB.gif}},
  keywords = {kosmo},
  note = {sidst set: 5. juli 2019}
}

@misc{GeometryUniverse,
  title = {Geometry of the {{Universe}}},
  howpublished = {\url{http://abyss.uoregon.edu/~js/cosmo/lectures/lec15.html}},
  keywords = {kosmo},
  note = {sidst set: 5. juli 2019}
}

@misc{brauComponentsUniverse,
  title = {Components of the {{Universe}}},
  howpublished = {\url{https://pages.uoregon.edu/jimbrau/BrauImNew/Chap27/7th/AT_7e_Figure_27_01.jpg}},
  author = {Brau, Jim},
  keywords = {kosmo},
  note = {sidst set: 5. juli 2019}
}

@book{uggerhojSpecielRelativitetsteori2016,
  title = {{Speciel Relativitetsteori}},
  isbn = {978-87-7184-233-3},
  publisher = {{Aarhus Universitetsforlag}},
  author = {Uggerh{\o}j, Ulrik Ingerslev},
  year = {2016},
  keywords = {sr},
}

@book{rydenIntroductionCosmology2006,
  title = {Introduction to Cosmology},
  isbn = {978-0-8053-8912-8},
  lccn = {QB981 .R93 2003},
  publisher = {{Addison-Wesley}},
  author = {Ryden, Barbara Sue},
  year = {2006},
  keywords = {kosmo}
}

@misc{brauRotationMilkyWay,
  title = {Rotation of the {{Milky Way}}},
  howpublished = {\url{https://pages.uoregon.edu/jimbrau/BrauImNew/Chap23/6th/23_21Figure-F.jpg}},
  author = {{J. Brau}},
  keywords = {kosmo},
  note = {sidst set: 5. juli 2019}
}

@misc{CoulombLawWikipedia2019,
  title = {Coulomb's Law -- {{Wikipedia}}},
  copyright = {Creative Commons Attribution-ShareAlike License},
  journal = {Wikipedia},
  howpublished = {\url{https://en.wikipedia.org/w/index.php?title=Coulomb\%27s_law\&oldid=903767409}},
  month = jun,
  year = {2019},
  keywords = {elektro},
  note = {sidst set: 5. juli 2019}
}

@book{cramerandersenUniversetsByggestenModerne2013,
  title = {{Universets byggesten: moderne partikelfysik}},
  isbn = {978-87-7792-044-8},
  shorttitle = {{Universets byggesten}},
  publisher = {{Fysikforlaget}},
  author = {Cramer Andersen, Michael},
  year = {2013},
  keywords = {partikel}
}

@article{YatesGardenQuasarSpectrum,
  title = {Near-simultaneous optical and infrared spectrophotometry of active galaxies},
  number = {241, Issue 2},
  journal = {Monthly Notices of the Royal Astronomical Society},
  author = {M. G. Yates and R. P. Garden},
  month = nov,
  year = {1989},
  keywords = {kosmo}
}

@article{planck,
  title = {Planck 2015 results},
  number = {594, A13},
  journal = {Astronomy & Astrophysics},
  author = {P. A. R. Ade et al.},
  year = {2016},
  keywords = {kosmo}
}

@misc{NASA_ESA_quasar,
  title = {Quasar Drenched in Water Vapor},
  howpublished = {\url{https://www.nasa.gov/topics/universe/features/universe20110722-image.html}},
  keywords = {kosmo},
  note = {sidst bes{\o}gt: 6. Juli 2019}
}

@misc{DopplerIllustration,
  title = {Doppler-Effect-Flashcards},
  howpublished = {\url{https://www.flickr.com/photos/102642344@N02/15510012116/in/photostream/}},
  author = {Zappys Technology Solutions},
  keywords = {kosmo},
  note = {sidst set: 5. juli 2019}
}

@book{stewartCalculusConceptsContexts2006,
  edition = {3rd, metric international},
  title = {Calculus: Concepts and Contexts},
  isbn = {978-0-534-40983-8},
  shorttitle = {Calculus},
  publisher = {{Thomson Brooks/Cole}},
  author = {Stewart, James},
  year = {2006},
  keywords = {elektro,mat},
  annote = {Includes index}
}

@misc{VectorAddition,
  title = {Vector {{Addition}}},
  howpublished = {\url{https://www.grc.nasa.gov/www/k-12/airplane/vectadd.html}},
  keywords = {mat},
  note = {sidst set: 8. juli 2019}
}

@misc{SNC1DEarthSpace,
  title = {{{SNC1D}} - {{Earth}} and {{Space Science}}: {{The Study}} of the {{Universe}}},
  shorttitle = {{{SNC1D}} - {{Earth}} and {{Space Science}}},
  journal = {Pinterest},
  howpublished = {\url{https://www.pinterest.com/snc1d2/snc1d-earth-and-space-science-the-study-of-the-uni/}},
  keywords = {astro},
  note = {sidst set: 8. juli 2019}
}

@misc{vardanyanICosmosCosmologyCalculator,
  title = {{{iCosmos}} - {{Cosmology Calculator}}},
  abstract = {Cosmology Calculator},
  journal = {iCosmos.co.uk},
  howpublished = {\url{http://www.icosmos.co.uk/index.html}},
  author = {Vardanyan, Mihran},
  keywords = {astro},
  note = {sidst set: 8. juli 2019}
}

@misc{AndromedaGalaxy2019,
  title = {Andromeda {{Galaxy}}},
  copyright = {Creative Commons Attribution-ShareAlike License},
  journal = {Wikipedia},
  howpublished = {\url{https://en.wikipedia.org/w/index.php?title=Andromeda_Galaxy\&oldid=904550692}},
  month = jul,
  year = {2019},
  keywords = {astro},
  note = {sidst set: 8. juli 2019}
}
